<record><leader>00000cas a22000007a 4500</leader><controlfield tag="001">19955230</controlfield><controlfield tag="008">890630d18991907couwr ne      0    0eng d</controlfield><datafield ind1=" " ind2=" " tag="010"><subfield code="a">sn 89052194 </subfield></datafield><datafield ind1=" " ind2=" " tag="040"><subfield code="a">CNQ</subfield><subfield code="b">eng</subfield><subfield code="c">CNQ</subfield><subfield code="d">OCLCQ</subfield></datafield><datafield ind1=" " ind2=" " tag="042"><subfield code="a">msc</subfield></datafield><datafield ind1="0" ind2="4" tag="245"><subfield code="a">The Grit-advocate.</subfield></datafield><datafield ind1=" " ind2=" " tag="260"><subfield code="a">Julesburg, Colo. :</subfield><subfield code="b">G.M. Braxtan</subfield></datafield><datafield ind1=" " ind2=" " tag="300"><subfield code="a">v.</subfield></datafield><datafield ind1=" " ind2=" " tag="310"><subfield code="a">Weekly</subfield></datafield><datafield ind1="0" ind2=" " tag="362"><subfield code="a">Vol. 1, no. 1 (Nov. 17, 1899)-v. 8, no. 52 (Nov. 1, 1907).</subfield></datafield><datafield ind1=" " ind2=" " tag="530"><subfield code="a">Available on microfilm from the Colorado Historical Society.</subfield></datafield><datafield ind1=" " ind2=" " tag="752"><subfield code="a">United States</subfield><subfield code="b">Colorado</subfield><subfield code="c">Sedgwick</subfield><subfield code="d">Julesburg.</subfield></datafield><datafield ind1="0" ind2="4" tag="780"><subfield code="t">Julesburg grit</subfield><subfield code="w">(DLC)sn 89052162</subfield></datafield><datafield ind1="0" ind2="4" tag="780"><subfield code="t">Julesburg advocate (Julesburg, Colo. : 1896)</subfield><subfield code="w">(DLC)sn 89052161</subfield></datafield><datafield ind1="0" ind2="0" tag="785"><subfield code="t">Julesburg grit-advocate</subfield><subfield code="w">(DLC)sn 89052197</subfield></datafield></record>